@article{babarnim,
  title   = "The BaBar Detectori",
  journal = "\nimBaseA",
  volume  = "?",
  number  = "?",
  pages   = "?",
  year    = "?",
  doi     = "?",
  author  = "?"
}

@article{babarnim2,
  title   = "The BaBar Detectot 2",
  journal = "\nimBaseA",
  volume  = "?",
  number  = "?",
  pages   = "?",
  year    = "?",
  doi     = "?",
  author  = "?"
}

@article{pepII,
  title   = "The BaBar Detectot 2",
  journal = "\nimBaseA",
  volume  = "?",
  number  = "?",
  pages   = "?",
  year    = "?",
  doi     = "?",
  author  = "?"
}

@article{mutoe,
  title   = "Mu2e Technical Design Report",
  journal = "arxiv",
  volume  = "?",
  number  = "?",
  pages   = "?",
  year    = "?",
  doi     = "?",
  author  = "?"
}

@article{g4,
  title   = "Geant 4",
  journal = "arxiv",
  volume  = "?",
  number  = "?",
  pages   = "?",
  year    = "?",
  doi     = "?",
  author  = "?"
}

@article{drtheory,
  title   = "Delta Ray Theory",
  journal = "arxiv",
  volume  = "?",
  number  = "?",
  pages   = "?",
  year    = "?",
  doi     = "?",
  author  = "Hans Bethe"
}

@article{drexpt,
  title   = "Delta Ray Experiment",
  journal = "arxiv",
  volume  = "?",
  number  = "?",
  pages   = "?",
  year    = "?",
  doi     = "?",
  author  = "?"
}

@article{kk2f,
  title   = "KK2F Generator",
  journal = "arxiv",
  volume  = "?",
  number  = "?",
  pages   = "?",
  year    = "?",
  doi     = "?",
  author  = "?"
}

@article{dayabay,
  title   = "Daya Bay Cosmic Ray Generator",
  journal = "arxiv",
  volume  = "?",
  number  = "?",
  pages   = "?",
  year    = "?",
  doi     = "?",
  author  = "?"
}

@article{paint,
  title   = "Berylium Paint",
  journal = "arxiv",
  volume  = "?",
  number  = "?",
  pages   = "?",
  year    = "?",
  doi     = "?",
  author  = "?"
}

@article{trackeff,
  title   = "BaBar Track Finding Efficiency",
  journal = "arxiv",
  volume  = "?",
  number  = "?",
  pages   = "?",
  year    = "?",
  doi     = "?",
  author  = "?"
}

@article{babarlumi,
  title   = "BaBar Luminosity Paper",
  journal = "arxiv",
  volume  = "?",
  number  = "?",
  pages   = "?",
  year    = "?",
  doi     = "?",
  author  = "?"
}


